@manual{unr-2020,
  title  = "Thesis and dissertation filing guidelines",
  author = "Graduate School",
  url    = "https://www.unr.edu/grad/student-resources/filing-guidelines",
  year   = "2020 (accessed July 15, 2020)"
}

@manual{unr-2020-forms,
  title  = "Graduate School Forms",
  author = "Graduate School",
  url    = "https://www.unr.edu/grad/student-resources/forms",
  year   = "2020 (accessed July 15, 2020)"
}

@manual{latex-font,
  title  = "Font Examples",
  author = "Overleaf",
  url    = "https://www.overleaf.com/learn/latex/font_typefaces",
  year   = "2020 (accessed July 15, 2020)"
}

